@inproceedings{amin17,
  author = {Amin, Nada and Rompf, Tiark},
  title = {Type Soundness Proofs with Definitional Interpreters},
  booktitle = {Proceedings of the 44th ACM SIGPLAN Symposium on Principles of Programming Languages},
  series = {POPL 2017},
  year = {2017},
  isbn = {978-1-4503-4660-3},
  location = {Paris, France},
  pages = {666--679},
  numpages = {14},
  url = {http://doi.acm.org/10.1145/3009837.3009866},
  doi = {10.1145/3009837.3009866},
  acmid = {3009866},
  publisher = {ACM},
  address = {New York, NY, USA},
  keywords = {DOT, Definitional interpreters, Scala, dependent object types, type soundness},
}
